@ARTICLE{mohan86,
    author = {C. Mohan and B. Lindsay and R. Obermarck},
    title = {Transaction management in the R* distributed database Management System},
    journal = {ACM Transactions on Database Systems},
    year = {1986},
    volume = {11},
    pages = {378--396}
}
